<?xml version="1.0" encoding="UTF-8"?><record xmlns="http://www.loc.gov/MARC21/slim" xmlns:cinclude="http://apache.org/cocoon/include/1.0" xmlns:zs="http://www.loc.gov/zing/srw/">
  <leader>00668cz  a2200169n  4500</leader>
  <controlfield tag="001">n  98103488 </controlfield>
  <controlfield tag="003">DLC</controlfield>
  <controlfield tag="005">20080919081106.0</controlfield>
  <controlfield tag="008">981119n| acannaabn          |b aaa      </controlfield>
  <datafield tag="010" ind1=" " ind2=" ">
    <subfield code="a">n  98103488 </subfield>
  </datafield>
  <datafield tag="035" ind1=" " ind2=" ">
    <subfield code="a">(OCoLC)oca04864782</subfield>
  </datafield>
  <datafield tag="040" ind1=" " ind2=" ">
    <subfield code="a">DLC</subfield>
    <subfield code="b">eng</subfield>
    <subfield code="c">DLC</subfield>
    <subfield code="d">OCoLC</subfield>
  </datafield>
  <datafield tag="100" ind1="1" ind2=" ">
    <subfield code="a">Babayan, Alon Avraham Ḥai,</subfield>
    <subfield code="d">1975-1997</subfield>
  </datafield>
  <datafield tag="400" ind1="1" ind2=" ">
    <subfield code="a">בביאן, אלון אברהם חי</subfield>
  </datafield>
  <datafield tag="667" ind1=" " ind2=" ">
    <subfield code="a">Machine-derived non-Latin script reference project.</subfield>
  </datafield>
  <datafield tag="667" ind1=" " ind2=" ">
    <subfield code="a">Non-Latin script reference not evaluated.</subfield>
  </datafield>
  <datafield tag="670" ind1=" " ind2=" ">
    <subfield code="a">Alon Babayan, 1998:</subfield>
    <subfield code="b">p. 5 (Segen Alon Avraham Ḥai Babayan; b. in Jerusalem 1.10.75; soldier; d. 4.2. 1997 in a helicopter crash) p. 104 (Lt. Alon Babayan [in rom.])</subfield>
  </datafield>
</record>